@article{wodecki2018optimal,
title={Optimal filter design with progressive genetic algorithm for local damage detection in rolling bearings},
author={Wodecki, Jacek and Michalak, Anna and Zimroz, Rados{\l}aw},
journal={Mechanical Systems and Signal Processing},
pages={102--116},
year={2018},
volume={102},
doi = {10.1016/j.ymssp.2017.09.008},
publisher={Elsevier}
}
@article{wodecki2017technical,
title={Technical condition change detection using Anderson--Darling statistic approach for LHD machines--engine overheating problem},
author={Wodecki, Jacek and Stefaniak, Pawe{\l} and Michalak, Anna and Wy{\l}oma{\'n}ska, Agnieszka and Zimroz, Rados{\l}aw},
journal={International Journal of Mining, Reclamation and Environment},
volume = {32},
number = {6},
pages = {392-400},
year={2018},
doi = {10.1080/17480930.2017.1388336},
publisher={Taylor \& Francis}
}
@article{michalak2017application,
title={Application of cointegration to vibration signal for local damage detection in gearboxes},
author={Michalak, Anna and Wodecki, Jacek and Wy{\l}oma{\'n}ska, Agnieszka and Zimroz, Rados{\l}aw},
journal={Applied Acoustics},
issn={0003-682X},
year={2017},
doi={10.1016/j.apacoust.2017.08.024},
publisher={Elsevier}
}
@article{wodecki2017local,
title={Local fault detection of rolling element bearing components by spectrogram clustering with semi-binary NMF},
author={Wodecki, Jacek and Zdunek, Rafa{\l} and Wy{\l}oma{\'n}ska, Agnieszka and Zimroz, Rados{\l}aw},
journal={Diagnostyka},
volume={18},
number={1},
pages={3--8},
issn={1641-6414},
year={2017}
}
@article{wodecki2016combination,
title={Combination of principal component analysis and time-frequency representations of multichannel vibration data for gearbox fault detection.},
author={Wodecki, Jacek and Stefaniak, Pawe{\l} and Obuchowski, Jakub and Wy{\l}oma{\'n}ska, Agnieszka and Zimroz, Rados{\l}aw},
journal={Journal of Vibroengineering},
volume={18},
number={4},
pages={2167--2175},
year={2016},
doi={10.21595/jve.2016.17114},
publisher={JVE International Ltd.}}